%% report.bib - contains BiBtex input for bibliography

@misc{tango-controls,
    title = "TANGO-controls framework",
    howpublished = "\url{https://www.tango-controls.org/}",
    note = "(Accessed: 5 October 2020)" }

@misc{CI,
    author = "Martin Fowler", 
    title = "Continuous Integration",
    howpublished = "\url{https://martinfowler.com/articles/continuousIntegration.html}",
    note = "(Accessed: 5 October 2020)" }

@book{CD, 
	author = "J. Humble, D. Farley", 
	title  = "Continuous Delivery: Reliable Software Releases Through Build, Test, and Deployment Automation", 
	publisher= "Addison-Wesley Professional", 
	ISBN= "9780321601919",
	year= "2010"}
	
@book{DevOps, 
	author = "G. Kim, P. Debois, J. Willis, J. Humble", 
	title  = "The DevOps Handbook: How to Create World-Class Agility, Reliability, and Security in Technology Organizations", 
	ISBN= "9781942788003",
	year= "2016"}
	
@misc{SKA-docker,
    title = "SKA-docker repository",
    howpublished = "\url{https://gitlab.com/ska-telescope/ska-docker}",
    note = "(Accessed: 5 October 2020)"}
    
@misc{helm,
    title = "Helm",
    howpublished = "\url{https://helm.sh}",
    note = "(Accessed: 5 October 2020)"}
    
@misc{ansible,
    title = "Ansible",
    howpublished = "\url{https://www.ansible.com/}",
    note = "(Accessed: 5 October 2020)"}
